<record><leader>00000cas a22000007a 4500</leader><controlfield tag="001">15803097</controlfield><controlfield tag="008">870603d19231924iauwr ne      0    0eng d</controlfield><datafield ind1=" " ind2=" " tag="010"><subfield code="a">sn 87058259 </subfield></datafield><datafield ind1=" " ind2=" " tag="040"><subfield code="a">INP</subfield><subfield code="b">eng</subfield><subfield code="c">INP</subfield><subfield code="d">OCL</subfield><subfield code="d">OCLCQ</subfield></datafield><datafield ind1=" " ind2=" " tag="042"><subfield code="a">msc</subfield></datafield><datafield ind1="0" ind2="4" tag="245"><subfield code="a">The Ainsworth parrot.</subfield></datafield><datafield ind1="3" ind2="0" tag="246"><subfield code="a">Parrot</subfield></datafield><datafield ind1=" " ind2=" " tag="260"><subfield code="a">Ainsworth, Iowa :</subfield><subfield code="b">[s.n.],</subfield><subfield code="c">1923-</subfield></datafield><datafield ind1=" " ind2=" " tag="300"><subfield code="a">v.</subfield></datafield><datafield ind1=" " ind2=" " tag="310"><subfield code="a">Weekly</subfield></datafield><datafield ind1="0" ind2=" " tag="362"><subfield code="a">Vol. 1, no. 1 (June 15, 1923)-</subfield></datafield><datafield ind1="1" ind2=" " tag="362"><subfield code="a">Ceased in 1924?</subfield></datafield><datafield ind1=" " ind2=" " tag="752"><subfield code="a">United States</subfield><subfield code="b">Iowa</subfield><subfield code="c">Washington</subfield><subfield code="d">Ainsworth.</subfield></datafield></record>